<record><leader>00000cas a22000007a 4500</leader><controlfield tag="001">18474817</controlfield><controlfield tag="008">880912d18781881mdudn ne      0    0eng d</controlfield><datafield ind1=" " ind2=" " tag="010"><subfield code="a">sn 88065710 </subfield></datafield><datafield ind1=" " ind2=" " tag="040"><subfield code="a">MFN</subfield><subfield code="b">eng</subfield><subfield code="c">MFN</subfield><subfield code="d">OCLCQ</subfield></datafield><datafield ind1=" " ind2=" " tag="042"><subfield code="a">msc</subfield></datafield><datafield ind1="0" ind2=" " tag="130"><subfield code="a">Cumberland times (Cumberland, Md.)</subfield></datafield><datafield ind1="1" ind2="0" tag="245"><subfield code="a">Cumberland times.</subfield></datafield><datafield ind1="1" ind2="3" tag="246"><subfield code="a">Alleganian and times</subfield></datafield><datafield ind1=" " ind2=" " tag="260"><subfield code="a">Cumberland, Md. :</subfield><subfield code="b">T.B. Taylor</subfield></datafield><datafield ind1=" " ind2=" " tag="300"><subfield code="a">v.</subfield></datafield><datafield ind1=" " ind2=" " tag="310"><subfield code="a">Daily (except Sun.)</subfield></datafield><datafield ind1="0" ind2=" " tag="362"><subfield code="a">Vol. 3, no. 265 (Nov. 18, 1878)-v. 6, no. 137 (June 18, 1881).</subfield></datafield><datafield ind1=" " ind2=" " tag="580"><subfield code="a">Weekly eds.: Alleganian and times (Cumberland, Md. : Weekly), 1878-1879; Cumberland Alleganian (Cumberland, Md. : 1879), 1879-1881.</subfield></datafield><datafield ind1=" " ind2=" " tag="752"><subfield code="a">United States</subfield><subfield code="b">Maryland</subfield><subfield code="c">Allegany</subfield><subfield code="d">Cumberland.</subfield></datafield><datafield ind1="1" ind2=" " tag="775"><subfield code="t">Alleganian and times (Cumberland, Md. : Weekly)</subfield><subfield code="w">(DLC)sn 85025240</subfield></datafield><datafield ind1="1" ind2=" " tag="775"><subfield code="t">Cumberland Alleganian (Cumberland, Md. : 1879)</subfield><subfield code="w">(DLC)sn 88065704</subfield></datafield><datafield ind1="0" ind2="0" tag="780"><subfield code="t">Daily Alleganian and times</subfield><subfield code="w">(DLC)sn 88065709</subfield></datafield><datafield ind1="0" ind2="0" tag="785"><subfield code="t">Daily times (Cumberland, Md. : 1881)</subfield><subfield code="w">(DLC)sn 88065712</subfield></datafield></record>